<?xml version="1.0" encoding="UTF-8"?><collection xmlns="http://www.loc.gov/MARC21/slim"><record><leader>00493nam--2200169-i-4500</leader><controlfield tag="001">000038148</controlfield><controlfield tag="002">20161230</controlfield><controlfield tag="005">20161230201041</controlfield><controlfield tag="008">060222s1000------------r-----000-0-eng-d</controlfield><datafield ind1=" " ind2=" " tag="040"><subfield code="a">IFIN-HH</subfield></datafield><datafield ind1="1" ind2=" " tag="100"><subfield code="a">Reid, R.C</subfield></datafield><datafield ind1="1" ind2="0" tag="245"><subfield code="a">The properties of gases and liquids</subfield><subfield code="b">Their estimation and correlation</subfield><subfield code="c">Robert c. reid, thomas k. sherwood</subfield></datafield><datafield ind1=" " ind2=" " tag="260"><subfield code="a">New York, Mcgraw-hill, 1958,</subfield></datafield><datafield ind1=" " ind2=" " tag="300"><subfield code="a">XII + 386P</subfield></datafield><datafield ind1="1" ind2=" " tag="700"><subfield code="a">Sherwood, Thomas K</subfield></datafield><datafield ind1=" " ind2=" " tag="852"><subfield code="a">13453</subfield><subfield code="c">532</subfield></datafield><datafield ind1=" " ind2=" " tag="CAT"><subfield code="a">Sys</subfield><subfield code="c">20100714</subfield><subfield code="h">092431</subfield></datafield></record></collection>